
@misc{us_epa_alternative_2017,
	type = {Other {Policies} and {Guidance}},
	title = {Alternative {Test} {Methods} and {Strategies} to {Reduce} {Vertebrate} {Animal} {Testing}},
	url = {https://www.epa.gov/assessing-and-managing-chemicals-under-tsca/alternative-test-methods-and-strategies-reduce},
	abstract = {EPA's approach on new approach methodologies (NAMs)},
	language = {en},
	urldate = {2022-09-16},
	author = {US EPA, OCSPP},
	month = oct,
	year = {2017},
	file = {Snapshot:C\:\\Users\\Utente\\Zotero\\storage\\JWSDV8XG\\alternative-test-methods-and-strategies-reduce.html:text/html},
}

@misc{mathworks_cnn,
	title = {Rete neurale convoluzionale},
	url = {https://it.mathworks.com/discovery/convolutional-neural-network-matlab.html},
	abstract = {Learn more about convolutional neural networks â€“ what they are, why they matter, and how you can design, train, and deploy CNNs with MATLAB.},
	language = {it},
	urldate = {2022-10-29},
	file = {Snapshot:C\:\\Users\\Utente\\Zotero\\storage\\PGNGRVVI\\convolutional-neural-network-matlab.html:text/html},
}

@misc{ia_reti_neurali,
	title = {Reti neurali, cosa sono? - {Applicazioni}, limiti ed evoluzione},
	shorttitle = {Reti neurali, cosa sono?},
	url = {https://www.intelligenzaartificiale.it/reti-neurali/},
	abstract = {Le reti neurali artificiali sono forme di intelligenza artificiale in grado di apprendere sfruttando meccanismi simili a quelli dell'intelligenza umana.},
	language = {it-IT},
	urldate = {2022-10-29},
	journal = {Intelligenza Artificiale},
	file = {Snapshot:C\:\\Users\\Utente\\Zotero\\storage\\ZKY2VPSN\\reti-neurali.html:text/html},
}

@misc{ai4b_reti_neurali,
	title = {Reti neurali: cosa sono, a cosa servono, tipi e storia},
	shorttitle = {Reti neurali},
	url = {https://www.ai4business.it/intelligenza-artificiale/deep-learning/reti-neurali/},
	abstract = {Cosa sono, come funzionano, con che tipo di chip possono funzionare le reti neurali e quali sono le loro nuove frontiere tecnologiche},
	language = {it-IT},
	urldate = {2022-10-29},
	journal = {AI4Business},
	month = apr,
	year = {2022},
	note = {Section: Deep Learning},
	file = {Snapshot:C\:\\Users\\Utente\\Zotero\\storage\\MEZ2UGQM\\reti-neurali.html:text/html},
}

@misc{scitovation_what_2021,
	title = {What are {NAMs}?},
	url = {https://scitovation.com/what-are-nams/},
	abstract = {by Sage Corzine If you got pumped up about NAMs in a toxicology webinar, tried to find more information on Google, and got redirected to the North},
	language = {en-US},
	urldate = {2022-10-29},
	journal = {ScitoVation},
	author = {ScitoVation},
	month = jun,
	year = {2021},
	file = {Snapshot:C\:\\Users\\Utente\\Zotero\\storage\\3B73PEYW\\what-are-nams.html:text/html},
}
